


Account Name,Current Accounts
Account Type,Current Account
Account Currency,BWP
	Account Number,XXXXXXXXX4600

Account transactions shown:,01/01/2023 to 03/03/2023

Date,Transaction,Currency,Deposit,Withdrawal,Closing Balance
					02/03/2023,"PURCHASE AT FLO TEK         GABORONE      01-03-2023 / 15:52:34 45-92-7924 00426548 4592792400426548","BWP","","15.05","7,579.51"
					02/03/2023,"PURCHASE AT BET365          GIB           01-03-2023 / 17:22:19 45-92-7924 00426548 4592792400426548","BWP","","136.06","7,594.56"
					01/03/2023,"PURCHASE AT ILIXIUM         BETWAY        26-02-2023 / 07:11:38 45-92-7924 00426548 4592792400426548","BWP","","68.58","7,730.62"
					01/03/2023,"PURCHASE AT ENGEN MATSILA   THAMAGA       28-02-2023 / 05:59:53 45-92-7924 00426548 4592792400426548","BWP","","200.00","7,799.20"
					01/03/2023,"IBKG ORANGE MONEY PAY TO 26772668981-MOBILE MONEY TRANSFER BW-IBNK-NVYNM5 BW-016-230301-114354834-767719-751","BWP","","6,000.00","7,999.20"
					01/03/2023,"VAT CHARGE","BWP","","1.14","13,999.20"
					01/03/2023,"BILL PAYMENT FEE","BWP","","9.50","14,000.34"
					01/03/2023,"ADC MBANKING-CHARGES MOBILE NO: 26774804371 230301105420648","BWP","","0.98","14,009.84"
					01/03/2023,"ADC MBANKING-CHARGES MOBILE NO: 26774804371 230301105420647","BWP","","7.00","14,010.82"
					28/02/2023,"MONTHLY MAINTENANCE FEE - CURRENT","BWP","","54.07","14,017.82"
					28/02/2023,"VAT CHARGE","BWP","","6.49","14,071.89"
					28/02/2023,"PURCHASE AT NOBLE PHARMACY  GABORONE      27-02-2023 / 09:40:49 45-92-7924 00426548 4592792400426548","BWP","","42.50","14,078.38"
					28/02/2023,"PURCHASE AT BET365          GIB           27-02-2023 / 18:30:19 45-92-7924 00426548 4592792400426548","BWP","","137.52","14,120.88"
					28/02/2023,"PURCHASE AT SUPERSPAR RAIL  BOTSWANA S    27-02-2023 / 10:01:18 45-92-7924 00426548 4592792400426548","BWP","","657.40","14,258.40"
					28/02/2023,"ADC - ORANGE MONEY ORANGEMONEYPAYMENT -ORANGEMONEY*75218957 MOBILE NO: 26774804371 230228174422495","BWP","","4,000.00","14,915.80"
					27/02/2023,"ADC - ORANGE MONEY ORANGEMONEYPAYMENT -ORANGEMONEY*26774804371 MOBILE NO: 26774804371 230227000726369","BWP","","200.00","18,915.80"
					27/02/2023,"ADC - ORANGE MONEY ORANGEMONEYPAYMENT -ORANGEMONEY*26774804371 MOBILE NO: 26774804371 230227203531380","BWP","","300.00","19,115.80"
					27/02/2023,"ADC - ORANGE MONEY ORANGEMONEYPAYMENT -ORANGEMONEY*26774804371 MOBILE NO: 26774804371 230227142907968","BWP","","2,600.00","19,415.80"
					27/02/2023,"ATM CASH W/DRWL FEE NON-SCB LOCAL 4592792400426548","BWP","","5.15","22,015.80"
					27/02/2023,"PURCHASE AT BET365          GIB           25-02-2023 / 16:59:11 45-92-7924 00426548 4592792400426548","BWP","","137.52","22,020.95"
					27/02/2023,"PURCHASE AT TRANS AFRICA GA GABORONE      25-02-2023 / 12:22:22 45-92-7924 00426548 4592792400426548","BWP","","1,750.90","22,158.47"
					27/02/2023,"PURCHASE AT SEFALANA SHOPPE GABERONE      25-02-2023 / 14:11:26 45-92-7924 00426548 4592792400426548","BWP","","167.95","23,909.37"
					27/02/2023,"PURCHASE AT SQUARE MART GAB BOTSWANA      25-02-2023 / 13:16:41 45-92-7924 00426548 4592792400426548","BWP","","276.10","24,077.32"
					27/02/2023,"CASH AT CBDATM          GABORONE CBD  25-02-2023 / 13:22:29 45-92-7924 00426548 4592792400426548","BWP","","300.00","24,353.42"
					27/02/2023,"VAT CHARGE 4592792400426548","BWP","","0.62","24,653.42"
					27/02/2023,"ATM CASH W/DRWL FEE NON-SCB LOCAL 4592792400426548","BWP","","5.15","24,654.04"
					27/02/2023,"PURCHASE AT THE AGRI STOP   THAMAGA       24-02-2023 / 13:03:08 45-92-7924 00426548 4592792400426548","BWP","","140.00","24,659.19"
					27/02/2023,"PURCHASE AT PUMA RAIL PARK  GABORONE      24-02-2023 / 20:19:16 45-92-7924 00426548 4592792400426548","BWP","","200.00","24,799.19"
					27/02/2023,"PURCHASE AT ILIXIUM         BETWAY        22-02-2023 / 14:38:18 45-92-7924 00426548 4592792400426548","BWP","","68.76","24,999.19"
					27/02/2023,"CASH AT GABORONE BUS RA GABORONE      24-02-2023 / 18:34:29 45-92-7924 00426548 4592792400426548","BWP","","700.00","25,067.95"
					27/02/2023,"VAT CHARGE 4592792400426548","BWP","","0.62","25,767.95"
					27/02/2023,"ADC - ORANGE MONEY ORANGEMONEYPAYMENT -ORANGEMONEY*26774804371 MOBILE NO: 26774804371 230227113403925","BWP","","300.00","25,768.57"
					27/02/2023,"ADC - ORANGE MONEY ORANGEMONEYPAYMENT -ORANGEMONEY*26774804371 MOBILE NO: 26774804371 230226182227682","BWP","","500.00","26,068.57"
					27/02/2023,"CARD PYMT-SI-4125140000996799 4125140000996799","BWP","","2,095.00","26,568.57"
					25/02/2023,"ADC - ORANGE MONEY ORANGEMONEYPAYMENT -ORANGEMONEY*26774804371 MOBILE NO: 26774804371 230225155829772","BWP","","700.00","28,663.57"
					24/02/2023,"VAT CHARGE 4592792400426548","BWP","","0.62","29,363.57"
					24/02/2023,"ATM CASH W/DRWL FEE NON-SCB LOCAL 4592792400426548","BWP","","5.15","29,364.19"
					24/02/2023,"CASH AT THAMAGA GABORONE      24-02-2023 / 10:22:53 45-92-7924 00426548 4592792400426548","BWP","","100.00","29,369.34"
					24/02/2023,"ADC - ORANGE MONEY ORANGEMONEYPAYMENT -ORANGEMONEY*26774804371 MOBILE NO: 26774804371 230224215224527","BWP","","400.00","29,469.34"
					24/02/2023,"PURCHASE AT BET365 GIB           23-02-2023 / 14:39:44 45-92-7924 00426548 4592792400426548","BWP","","136.61","29,869.34"
					24/02/2023,"PURCHASE AT BET365 GIB           23-02-2023 / 11:00:21 45-92-7924 00426548 4592792400426548","BWP","","136.61","30,005.95"
					24/02/2023,"PURCHASE AT ILIXIUM BETWAY        21-02-2023 / 13:17:44 45-92-7924 00426548 4592792400426548","BWP","","136.61","30,142.56"
					24/02/2023,"ADC - ORANGE MONEY ORANGEMONEYPAYMENT -ORANGEMONEY*77582941 MOBILE NO: 26774804371 230224195332353","BWP","","500.00","30,279.17"
					24/02/2023,"CARDLESS CASH WITHDRAWAL FEE","BWP","","9.50","30,779.17"
					24/02/2023,"VAT CHARGE","BWP","","1.14","30,788.67"
					24/02/2023,"ATM CARDLESS CASH WITHDRAWAL 305515193106 +26771344756","BWP","","200.00","30,789.81"
					24/02/2023,"IN99992302244441 L8723358 DIRECTDEBIT-","BWP","","2,215.00","30,989.81"
					24/02/2023,"IBANKING TRF TO 0150801462600 RENT","BWP","","3,500.00","33,204.81"
					23/02/2023,"PURCHASE AT SUPA SAVE STATI GABORONE      22-02-2023 / 16:59:22 45-92-7924 00426548 4592792400426548","BWP","","154.95","36,704.81"
					23/02/2023,"PURCHASE AT SQUARE MART GAB BOTSWANA      21-02-2023 / 18:30:43 45-92-7924 00426548 4592792400426548","BWP","","112.15","36,859.76"
					23/02/2023,"VAT CHARGE 4592792400426548","BWP","","0.62","36,971.91"
					23/02/2023,"ATM CASH W/DRWL FEE NON-SCB LOCAL 4592792400426548","BWP","","5.15","36,972.53"
					23/02/2023,"CASH AT GABORONE AFRICA GABORONE      21-02-2023 / 16:49:43 45-92-7924 00426548 4592792400426548","BWP","","200.00","36,977.68"
					22/02/2023,"ADC - ORANGE MONEY ORANGEMONEYPAYMENT -ORANGEMONEY*26774804371 MOBILE NO: 26774804371 230222205536374","BWP","","200.00","37,177.68"
					22/02/2023,"BOTSWANA LIFE 4011044348PSW  OFENTSE KO","BWP","","1,113.46","37,377.68"
					22/02/2023,"BOTSWANA LIFE 4011047590PSW  MATSHIDISO","BWP","","633.44","38,491.14"
					22/02/2023,"BOTSWANA LIFE 4010383368BMF  MATSHIDISO","BWP","","687.00","39,124.58"
					21/02/2023,"PURCHASE AT MONEYWISE MALL GABORONE      20-02-2023 / 04:00:56 45-92-7924 00426548 4592792400426548","BWP","","6,000.00","39,811.58"
					21/02/2023,"PURCHASE AT 45 SQUARE PUB TLOKWENG      19-02-2023 / 22:27:33 45-92-7924 00426548 4592792400426548","BWP","","55.00","45,811.58"
					21/02/2023,"PURCHASE AT 45 SQUARE PUB TLOKWENG      19-02-2023 / 21:14:46 45-92-7924 00426548 4592792400426548","BWP","","72.00","45,866.58"
					21/02/2023,"PURCHASE AT KFC SHELL RIVER GABORONE      19-02-2023 / 23:53:15 45-92-7924 00426548 4592792400426548","BWP","","179.90","45,938.58"
					21/02/2023,"ADC - ORANGE MONEY ORANGEMONEYPAYMENT -ORANGEMONEY*77304386 MOBILE NO: 26774804371 230221111245296","BWP","","200.00","46,118.48"
					20/02/2023,"PURCHASE AT RASMATAZZ LIQUO GABORONE      19-02-2023 / 13:35:33 45-92-7924 00426548 4592792400426548","BWP","","238.00","46,318.48"
					20/02/2023,"PURCHASE AT ILIXIUM BETWAY        17-02-2023 / 18:12:41 45-92-7924 00426548 4592792400426548","BWP","","136.25","46,556.48"
					20/02/2023,"ATM CASH W/DRWL FEE SCB LOCAL AT NULL 17:15:22 4592792400426548/0232","BWP","","2.57","46,692.73"
					20/02/2023,"VAT CHARGE AT NULL 17:15:22 4592792400426548/0232","BWP","","0.31","46,695.30"
					20/02/2023,"ATM WDR AT RAIL PARK 17:15:22 4592792400426548/0232","BWP","","500.00","46,695.61"
					20/02/2023,"ADC - ORANGE MONEY ORANGEMONEYPAYMENT -ORANGEMONEY*75218957 MOBILE NO: 26774804371 230220175826181","BWP","","500.00","47,195.61"
					20/02/2023,"PURCHASE AT SAVERITE MMOPAN SIKWANE       18-02-2023 / 16:23:40 45-92-7924 00426548 4592792400426548","BWP","","17.90","47,695.61"
					20/02/2023,"BILL PAYMENT FEE","BWP","","9.50","47,713.51"
					20/02/2023,"VAT CHARGE","BWP","","1.14","47,723.01"
					20/02/2023,"IBKG ORANGE MONEY PAY TO 26775218957-MOBILE MONEY TRANSFER BW-IBNK-6T4IXV BW-016-230220-161038238-495094-909","BWP","","200.00","47,724.15"
					20/02/2023,"PURCHASE AT CHICKEN LICKEN GABORONE      18-02-2023 / 10:44:31 45-92-7924 00426548 4592792400426548","BWP","","126.20","47,924.15"
					20/02/2023,"PURCHASE AT SEDIKO HOLDINGS BOTSWANA      18-02-2023 / 16:44:44 45-92-7924 00426548 4592792400426548","BWP","","93.00","48,050.35"
					20/02/2023,"PURCHASE AT CLICKS THE FIEL GABORONE      18-02-2023 / 10:41:24 45-92-7924 00426548 4592792400426548","BWP","","321.98","48,143.35"
					20/02/2023,"VAT CHARGE 4592792400426548","BWP","","0.62","48,465.33"
					20/02/2023,"ATM CASH W/DRWL FEE NON-SCB LOCAL 4592792400426548","BWP","","5.15","48,465.95"
					20/02/2023,"CASH AT BLOCK 6 BP GABORONE      18-02-2023 / 19:39:37 45-92-7924 00426548 4592792400426548","BWP","","200.00","48,471.10"
					20/02/2023,"VAT CHARGE 4592792400426548","BWP","","0.62","48,671.10"
					20/02/2023,"ATM CASH W/DRWL FEE NON-SCB LOCAL 4592792400426548","BWP","","5.15","48,671.72"
					20/02/2023,"CASH AT GABORONE BUS RA GABORONE      19-02-2023 / 11:14:00 45-92-7924 00426548 4592792400426548","BWP","","300.00","48,676.87"
					20/02/2023,"PURCHASE AT BET365 GIB           18-02-2023 / 08:22:26 45-92-7924 00426548 4592792400426548","BWP","","408.73","48,976.87"
					20/02/2023,"VAT CHARGE 4592792400426548","BWP","","0.62","49,385.60"
					20/02/2023,"ATM CASH W/DRWL FEE NON-SCB LOCAL 4592792400426548","BWP","","5.15","49,386.22"
					20/02/2023,"CASH AT SQUARE MART CBD GABORONE      17-02-2023 / 17:01:28 45-92-7924 00426548 4592792400426548","BWP","","500.00","49,391.37"
					20/02/2023,"ADC - ORANGE MONEY ORANGEMONEYPAYMENT -ORANGEMONEY*75218957 MOBILE NO: 26774804371 230219163559472","BWP","","500.00","49,891.37"
					18/02/2023,"ADC - ORANGE MONEY ORANGEMONEYPAYMENT -ORANGEMONEY*26774804371 MOBILE NO: 26774804371 230218214328656","BWP","","500.00","50,391.37"
					17/02/2023,"BANK TO WALLET FEES","BWP","","9.50","50,891.37"
					17/02/2023,"VAT CHARGE","BWP","","1.14","50,900.87"
					17/02/2023,"IBKG ORANGE MONEY PAY TO 26774804371-MOBILE MONEY TRANSFER BW-IBNK-C8VLDG BW-016-230217-172649609-647186-655","BWP","","200.00","50,902.01"
					17/02/2023,"IN99992302173762 SALARY EFT CREDIT FROM DE BEERS GLOBAL SIGHTHOLDERS SALES","BWP","50,901.42","","51,102.01"
					13/02/2023,"PURCHASE AT ILIXIUM BETWAY        10-02-2023 / 22:05:16 45-92-7924 00426548 4592792400426548","BWP","","134.82","200.59"
					13/02/2023,"PURCHASE AT ILIXIUM BETWAY        08-02-2023 / 17:56:06 45-92-7924 00426548 4592792400426548","BWP","","80.89","335.41"
					10/02/2023,"CASH DEPOSITS FEE","BWP","","0.60","416.30"
					10/02/2023,"VAT CHARGE","BWP","","0.07","416.90"
					10/02/2023,"CASH DEP AT 2301 21:19:20 10022023 OFEBTSE SLFPYA 1212120000000000/0176","BWP","150.00","","416.97"
					08/02/2023,"PURCHASE AT MASCOM WIRELESS GABORONE      07-02-2023 / 18:25:23 45-92-7924 00426548 4592792400426548","BWP","","18.00","266.97"
					08/02/2023,"CASH DEPOSITS FEE","BWP","","0.40","284.97"
					08/02/2023,"VAT CHARGE","BWP","","0.05","285.37"
					08/02/2023,"CASH DEP AT 2301 17:50:33 08022023 OFENTSE SELF 1212120000000000/0105","BWP","100.00","","285.42"
					07/02/2023,"VAT: MOBILE MONEY PAYMT FEE DEC22 /2023/02/05-0288004","BWP","","13.68","185.42"
					07/02/2023,"CASH DEPOSITS FEE","BWP","","0.80","199.10"
					07/02/2023,"VAT CHARGE","BWP","","0.10","199.90"
					07/02/2023,"CASH DEP AT 2105 16:13:53 07022023 OFENTSE SELF 1212120000000000/0103","BWP","200.00","","200.00"
					06/02/2023,"MOBILE MONEY PAYMT FEE DEC22 /2023/02/05-0269062","BWP","","67.19","0.00"
					06/02/2023,"VAT: MOBILE MONEY PAYMT FEE NOV22 /2023/02/05-0235369","BWP","","4.56","67.19"
					06/02/2023,"MOBILE MONEY PAYMT FEE NOV22 /2023/02/05-0216185","BWP","","38.00","71.75"
					06/02/2023,"PURCHASE AT ILIXIUM BETWAY        02-02-2023 / 07:52:50 45-92-7924 00426548 4592792400426548","BWP","","131.38","109.75"
					03/02/2023,"PURCHASE AT BET365 GIB           02-02-2023 / 20:31:43 45-92-7924 00426548 4592792400426548","BWP","","130.87","241.13"
					03/02/2023,"PURCHASE AT ILIXIUM BETWAY        31-01-2023 / 20:36:20 45-92-7924 00426548 4592792400426548","BWP","","130.87","372.00"
					03/02/2023,"ADC MBANKING-CHARGES MOBILE NO: 26774804371 230203051815935","BWP","","0.98","502.87"
					03/02/2023,"ADC MBANKING-CHARGES MOBILE NO: 26774804371 230203051814932","BWP","","7.00","503.85"
					02/02/2023,"CASH ADV -CREBIT","BWP","300.00","","510.85"
					01/02/2023,"PURCHASE AT SEFALANA SHOPPE GABERONE      31-01-2023 / 17:29:19 45-92-7924 00426548 4592792400426548","BWP","","42.50","210.85"
					31/01/2023,"VAT CHARGE","BWP","","6.49","253.35"
					31/01/2023,"MONTHLY ACCT MAINTENANCE FEE-OTHERS","BWP","","54.07","259.84"
					31/01/2023,"BANK TO WALLET FEES","BWP","","9.50","313.91"
					31/01/2023,"VAT CHARGE","BWP","","1.14","323.41"
					31/01/2023,"IBKG ORANGE MONEY PAY TO 26775218957-MOBILE MONEY TRANSFER BW-IBNK-UAK0LW BW-016-230131-215904144-698138-900","BWP","","200.00","324.55"
					31/01/2023,"VAT CHARGE 4592792400426548","BWP","","0.62","524.55"
					31/01/2023,"ATM CASH WITHDRAWAL - NONSCB - BW 4592792400426548","BWP","","5.15","525.17"
					31/01/2023,"CASH AT GABORONE BUS RA GABORONE      30-01-2023 / 19:43:50 45-92-7924 00426548 4592792400426548","BWP","","200.00","530.32"
					31/01/2023,"PURCHASE AT ILIXIUM BETWAY        28-01-2023 / 14:48:45 45-92-7924 00426548 4592792400426548","BWP","","66.28","730.32"
					31/01/2023,"PURCHASE AT ILIXIUM BETWAY        29-01-2023 / 00:09:57 45-92-7924 00426548 4592792400426548","BWP","","66.28","796.60"
					31/01/2023,"PURCHASE AT THAMAGA FILLING THAMAGA       30-01-2023 / 18:14:05 45-92-7924 00426548 4592792400426548","BWP","","100.00","862.88"
					31/01/2023,"PURCHASE AT CHOPPIES GABANE GABORONE      29-01-2023 / 20:16:52 45-92-7924 00426548 4592792400426548","BWP","","39.55","962.88"
					30/01/2023,"VAT: POS FEE DEC22 /2023/01/29-0132102","BWP","","1.93","1,002.43"
					30/01/2023,"POS FEE DEC22 /2023/01/29-0132101","BWP","","16.07","1,004.36"
					30/01/2023,"VAT: POS FEE NOV22 /2023/01/29-0031562","BWP","","1.29","1,020.43"
					30/01/2023,"POS FEE NOV22 /2023/01/29-0031561","BWP","","10.71","1,021.72"
					30/01/2023,"PURCHASE AT BET365 GIB           29-01-2023 / 15:21:55 45-92-7924 00426548 4592792400426548","BWP","","131.72","1,032.43"
					30/01/2023,"ADC - ORANGE MONEY ORANGEMONEYPAYMENT -ORANGEMONEY*77583895 MOBILE NO: 26774804371 230130195614134","BWP","","90.00","1,164.15"
					30/01/2023,"PURCHASE AT B.L.A.C.K BOTSWANA      27-01-2023 / 21:06:56 45-92-7924 00426548 4592792400426548","BWP","","180.00","1,254.15"
					30/01/2023,"PURCHASE AT B.L.A.C.K BOTSWANA      27-01-2023 / 23:08:55 45-92-7924 00426548 4592792400426548","BWP","","35.00","1,434.15"
					30/01/2023,"PURCHASE AT RHAPSODY'S PHAK BORONE        28-01-2023 / 01:22:00 45-92-7924 00426548 4592792400426548","BWP","","150.00","1,469.15"
					30/01/2023,"PURCHASE AT ILIXIUM BETWAY        26-01-2023 / 17:17:52 45-92-7924 00426548 4592792400426548","BWP","","65.86","1,619.15"
					30/01/2023,"PURCHASE AT MASCOM WIRELESS GABORONE      27-01-2023 / 10:26:53 45-92-7924 00426548 4592792400426548","BWP","","18.00","1,685.01"
					30/01/2023,"BANK TO WALLET FEES","BWP","","9.50","1,703.01"
					30/01/2023,"VAT CHARGE","BWP","","1.14","1,712.51"
					30/01/2023,"IBKG ORANGE MONEY PAY TO 26774804371-MOBILE MONEY TRANSFER BW-IBNK-O0VWVI BW-016-230130-100539939-767658-072","BWP","","750.00","1,713.65"
					30/01/2023,"BANK TO WALLET FEES","BWP","","9.50","2,463.65"
					30/01/2023,"VAT CHARGE","BWP","","1.14","2,473.15"
					30/01/2023,"IBKG ORANGE MONEY PAY TO 26774804371-MOBILE MONEY TRANSFER BW-IBNK-GK1KQN BW-016-230129-091058258-110342-603","BWP","","400.00","2,474.29"
					30/01/2023,"VAT CHARGE 4592792400426548","BWP","","0.62","2,874.29"
					30/01/2023,"ATM CASH WITHDRAWAL - NONSCB - BW 4592792400426548","BWP","","5.15","2,874.91"
					30/01/2023,"CASH AT SQUARE MART CBD GABORONE      26-01-2023 / 16:48:48 45-92-7924 00426548 4592792400426548","BWP","","400.00","2,880.06"
					30/01/2023,"PURCHASE AT BULL & BUSH BORONE        25-01-2023 / 21:16:26 45-92-7924 00426548 4592792400426548","BWP","","200.00","3,280.06"
					30/01/2023,"PURCHASE AT ILIXIUM BETWAY        24-01-2023 / 08:11:50 45-92-7924 00426548 4592792400426548","BWP","","131.21","3,480.06"
					28/01/2023,"REV - BANK TO WALLET FEES","BWP","9.50","","3,611.27"
					28/01/2023,"REV - VAT CHARGE","BWP","1.14","","3,601.77"
					28/01/2023,"REV - IBKG ORANGE MONEY","BWP","700.00","","3,600.63"
					28/01/2023,"BANK TO WALLET FEES","BWP","","9.50","2,900.63"
					28/01/2023,"VAT CHARGE","BWP","","1.14","2,910.13"
					28/01/2023,"IBKG ORANGE MONEY PAY TO 26775218957-MOBILE MONEY TRANSFER BW-IBNK-6KPBUM BW-016-230128-125649409-838288-814","BWP","","700.00","2,911.27"
					26/01/2023,"VAT CHARGE 4592792400426548","BWP","","0.62","3,611.27"
					26/01/2023,"ATM CASH WITHDRAWAL - NONSCB - BW 4592792400426548","BWP","","5.15","3,611.89"
					26/01/2023,"CASH AT SQUARE MART CBD GABORONE      26-01-2023 / 07:48:03 45-92-7924 00426548 4592792400426548","BWP","","200.00","3,617.04"
					26/01/2023,"PURCHASE AT BET365 GIB           25-01-2023 / 06:28:59 45-92-7924 00426548 4592792400426548","BWP","","131.72","3,817.04"
					26/01/2023,"PURCHASE AT SPAR PULA BOTSWANA S    25-01-2023 / 07:42:39 45-92-7924 00426548 4592792400426548","BWP","","30.95","3,948.76"
					26/01/2023,"BANK TO WALLET FEES","BWP","","9.50","3,979.71"
					26/01/2023,"VAT CHARGE","BWP","","1.14","3,989.21"
					26/01/2023,"IBKG ORANGE MONEY PAY TO 26774804371-MOBILE MONEY TRANSFER BW-IBNK-9FOPF3 BW-016-230126-162546146-896211-985","BWP","","3,000.00","3,990.35"
					25/01/2023,"PURCHASE AT EEZZE BUILD GAB GABORONE      23-01-2023 / 17:25:50 45-92-7924 00426548 4592792400426548","BWP","","378.92","6,990.35"
					25/01/2023,"PURCHASE AT BET365 GIB           24-01-2023 / 21:25:53 45-92-7924 00426548 4592792400426548","BWP","","132.06","7,369.27"
					24/01/2023,"PURCHASE AT SUPERSPAR KGALE BOTSWANA S    22-01-2023 / 13:04:05 45-92-7924 00426548 4592792400426548","BWP","","50.65","7,501.33"
					24/01/2023,"PURCHASE AT TILMU INVESTMEN GABORONE      23-01-2023 / 17:47:30 45-92-7924 00426548 4592792400426548","BWP","","275.00","7,551.98"
					24/01/2023,"PURCHASE AT KFC GABORONE WE GABORONE      23-01-2023 / 17:13:34 45-92-7924 00426548 4592792400426548","BWP","","46.80","7,826.98"
					24/01/2023,"IBANKING TRF TO 0150801462600 RENT","BWP","","3,500.00","7,873.78"
					24/01/2023,"IT02102301240018 52.000","BWP","","6.24","11,373.78"
					24/01/2023,"IT02102301240018 TOTAL TRANSACTION CHARGES","BWP","","52.00","11,380.02"
					24/01/2023,"PET615863023 IT02102301240018 BETWAY LIMITED 9 EMPIRE STADIUM STREET GZIRA 1300 MARMOSSPINNEBW-200582016797 /ROC/1197ZPOEDWZKA BARCGB 96.27 USD 1.000000000","BWP","1,178.44","","11,432.02"
					23/01/2023,"4854560000094146 MR OFENTSE KOOLOPILE /2023/01/10-5930106","BWP","","4,009.00","10,253.58"
					23/01/2023,"VAT CHARGE 4592792400426548","BWP","","0.62","14,262.58"
					23/01/2023,"ATM CASH WITHDRAWAL - NONSCB - BW 4592792400426548","BWP","","5.15","14,263.20"
					23/01/2023,"CASH AT SPAR KGALE SPAR GABORONE      22-01-2023 / 13:00:23 45-92-7924 00426548 4592792400426548","BWP","","250.00","14,268.35"
					23/01/2023,"PURCHASE AT FOURS CASH & CA BELE, GABOR   22-01-2023 / 13:38:28 45-92-7924 00426548 4592792400426548","BWP","","147.05","14,518.35"
					23/01/2023,"PURCHASE AT CASH CRUSADERS GABORONE      20-01-2023 / 16:48:07 45-92-7924 00426548 4592792400426548","BWP","","1,199.90","14,665.40"
					23/01/2023,"VAT CHARGE 4592792400426548","BWP","","0.62","15,865.30"
					23/01/2023,"ATM CASH WITHDRAWAL - NONSCB - BW 4592792400426548","BWP","","5.15","15,865.92"
					23/01/2023,"CASH AT THAMAGA GABORONE      22-01-2023 / 15:30:42 45-92-7924 00426548 4592792400426548","BWP","","300.00","15,871.07"
					23/01/2023,"PURCHASE AT BET365 GIB           22-01-2023 / 16:37:46 45-92-7924 00426548 4592792400426548","BWP","","131.72","16,171.07"
					23/01/2023,"BOTSWANA LIFE 4011044348PSW  OFENTSE KO","BWP","","1,113.46","16,302.79"
					23/01/2023,"BOTSWANA LIFE 4010383368BMF  MATSHIDISO","BWP","","687.00","17,416.25"
					23/01/2023,"PURCHASE AT ILIXIUM BETWAY        19-01-2023 / 18:20:41 45-92-7924 00426548 4592792400426548","BWP","","131.72","18,103.25"
					23/01/2023,"PURCHASE AT MASCOM WIRELESS GABORONE      20-01-2023 / 14:31:34 45-92-7924 00426548 4592792400426548","BWP","","20.00","18,234.97"
					23/01/2023,"PURCHASE AT ORANGE RIVERWAL BOTSWANA      20-01-2023 / 10:19:59 45-92-7924 00426548 4592792400426548","BWP","","2,130.94","18,254.97"
					23/01/2023,"PURCHASE AT HIFI CORPORATIO BOTSWANA      20-01-2023 / 16:08:48 45-92-7924 00426548 4592792400426548","BWP","","369.00","20,385.91"
					23/01/2023,"PURCHASE AT SPAR PULA BOTSWANA S    20-01-2023 / 07:13:39 45-92-7924 00426548 4592792400426548","BWP","","226.40","20,754.91"
					23/01/2023,"PURCHASE AT FOURS CASH & CA BELE GABORO   20-01-2023 / 11:45:22 45-92-7924 00426548 4592792400426548","BWP","","292.75","20,981.31"
					23/01/2023,"PURCHASE AT BORAKANELO POLI BORONE        20-01-2023 / 09:39:46 45-92-7924 00426548 4592792400426548","BWP","","300.00","21,274.06"
					23/01/2023,"PURCHASE AT BORAKANELO POLI BORONE        20-01-2023 / 09:42:58 45-92-7924 00426548 4592792400426548","BWP","","200.00","21,574.06"
					23/01/2023,"PURCHASE AT BORAKANELO POLI BORONE        20-01-2023 / 09:37:19 45-92-7924 00426548 4592792400426548","BWP","","200.00","21,774.06"
					23/01/2023,"PURCHASE AT BORAKANELO POLI BORONE        20-01-2023 / 09:44:52 45-92-7924 00426548 4592792400426548","BWP","","1,000.00","21,974.06"
					23/01/2023,"ADC - ORANGE MONEY ORANGEMONEYPAYMENT -ORANGEMONEY*26774804371 MOBILE NO: 26774804371 230122230814222","BWP","","300.00","22,974.06"
					23/01/2023,"BANK TO WALLET FEES","BWP","","9.50","23,274.06"
					23/01/2023,"VAT CHARGE","BWP","","1.14","23,283.56"
					23/01/2023,"IBKG ORANGE MONEY PAY TO 26774804371-MOBILE MONEY TRANSFER BW-IBNK-6CP4SO BW-016-230122-172517117-395913-060","BWP","","250.00","23,284.70"
					20/01/2023,"PURCHASE AT ILIXIUM Betway        17-01-2023 / 17:23:44 45-92-7924 00426548 4592792400426548","BWP","","132.06","23,534.70"
					20/01/2023,"PURCHASE AT TRUWORTHS BOTSW GABORONE      19-01-2023 / 15:52:17 45-92-7924 00426548 4592792400426548","BWP","","499.00","23,666.76"
					20/01/2023,"PURCHASE AT MRPRICE 8245 AI BW            19-01-2023 / 15:42:53 45-92-7924 00426548 4592792400426548","BWP","","845.44","24,165.76"
					20/01/2023,"PURCHASE AT EEZZE BUILD GAB GABORONE      19-01-2023 / 14:02:09 45-92-7924 00426548 4592792400426548","BWP","","364.90","25,011.20"
					20/01/2023,"PURCHASE AT JET AIRPORT JUN GABORONE      19-01-2023 / 15:16:22 45-92-7924 00426548 4592792400426548","BWP","","785.99","25,376.10"
					20/01/2023,"PURCHASE AT STUDIO 88 AIRPO GABORONE      19-01-2023 / 16:45:03 45-92-7924 00426548 4592792400426548","BWP","","1,199.90","26,162.09"
					20/01/2023,"PURCHASE AT FOURS CASH & CA BELE GABORO   19-01-2023 / 13:31:54 45-92-7924 00426548 4592792400426548","BWP","","1,780.35","27,361.99"
					20/01/2023,"BANK TO WALLET FEES","BWP","","9.50","29,142.34"
					20/01/2023,"VAT CHARGE","BWP","","1.14","29,151.84"
					20/01/2023,"IBKG ORANGE MONEY PAY TO 26774804371-MOBILE MONEY TRANSFER BW-IBNK-MW51DO BW-016-230120-131031031-305109-467","BWP","","1,000.00","29,152.98"
					20/01/2023,"CASH WITHDRAWAL  - SCB ATMS AT NULL 11:17:28 4592792400426548/0026","BWP","","2.57","30,152.98"
					20/01/2023,"VAT CHARGE AT NULL 11:17:28 4592792400426548/0026","BWP","","0.31","30,155.55"
					20/01/2023,"ATM WDR AT PEP STORES 11:17:28 4592792400426548/0026","BWP","","1,000.00","30,155.86"
					20/01/2023,"CASH WITHDRAWAL  - SCB ATMS AT NULL 09:51:01 4592792400426548/0482","BWP","","2.57","31,155.86"
					20/01/2023,"VAT CHARGE AT NULL 09:51:01 4592792400426548/0482","BWP","","0.31","31,158.43"
					20/01/2023,"ATM WDR AT PEP STORES 09:51:01 4592792400426548/0482","BWP","","1,000.00","31,158.74"
					19/01/2023,"PURCHASE AT BET365 GIB           18-01-2023 / 21:55:17 45-92-7924 00426548 4592792400426548","BWP","","131.05","32,158.74"
					19/01/2023,"PURCHASE AT MONEYWISE MALL GABORONE      18-01-2023 / 12:40:46 45-92-7924 00426548 4592792400426548","BWP","","8,400.00","32,289.79"
					18/01/2023,"VAT CHARGE 4592792400426548","BWP","","0.62","40,689.79"
					18/01/2023,"ATM CASH WITHDRAWAL - NONSCB - BW 4592792400426548","BWP","","5.15","40,690.41"
					18/01/2023,"CASH AT GABORONE BLOCK Gaborone      18-01-2023 / 07:19:45 45-92-7924 00426548 4592792400426548","BWP","","2,400.00","40,695.56"
					18/01/2023,"PURCHASE AT VIBGYOR PHARMAC GABORONE      17-01-2023 / 19:51:41 45-92-7924 00426548 4592792400426548","BWP","","227.90","43,095.56"
					18/01/2023,"PURCHASE AT TROY DRUG MART GABORONE      17-01-2023 / 19:42:54 45-92-7924 00426548 4592792400426548","BWP","","30.00","43,323.46"
					18/01/2023,"PURCHASE AT SQUARE MART GAB BOTSWANA      17-01-2023 / 19:38:01 45-92-7924 00426548 4592792400426548","BWP","","337.20","43,353.46"
					18/01/2023,"VAT CHARGE 4592792400426548","BWP","","0.62","43,690.66"
					18/01/2023,"ATM CASH WITHDRAWAL - NONSCB - BW 4592792400426548","BWP","","5.15","43,691.28"
					18/01/2023,"CASH AT GABORONE BLOCK GABORONE      18-01-2023 / 07:21:46 45-92-7924 00426548 4592792400426548","BWP","","1,600.00","43,696.43"
					18/01/2023,"VAT CHARGE 4592792400426548","BWP","","0.62","45,296.43"
					18/01/2023,"ATM CASH WITHDRAWAL - NONSCB - BW 4592792400426548","BWP","","5.15","45,297.05"
					18/01/2023,"CASH AT GABORONE BLOCK GABORONE      18-01-2023 / 07:18:51 45-92-7924 00426548 4592792400426548","BWP","","2,400.00","45,302.20"
					17/01/2023,"IBANKING TRF TO 0100118016800 PAYKB","BWP","","1,000.00","47,702.20"
					17/01/2023,"BANK TO WALLET FEES","BWP","","9.50","48,702.20"
					17/01/2023,"VAT CHARGE","BWP","","1.14","48,711.70"
					17/01/2023,"IBKG ORANGE MONEY PAY TO 26774804371-MOBILE MONEY TRANSFER BW-IBNK-AARHAX BW-016-230117-093844124-488452-428","BWP","","2,500.00","48,712.84"
					17/01/2023,"IN99992301170384 SALARY EFT CREDIT FROM DE BEERS GLOBAL SIGHTHOLDERS SALES","BWP","50,901.42","","51,212.84"
					13/01/2023,"IBANKING TRF FROM 0100118016800 FUEL","BWP","200.00","","311.42"
					11/01/2023,"PURCHASE AT ILIXIUM BETWAY        08-01-2023 / 17:01:41 45-92-7924 00426548 4592792400426548","BWP","","131.88","111.42"
					09/01/2023,"CASH DEPOSITS FEE","BWP","","0.60","243.30"
					09/01/2023,"VAT CHARGE","BWP","","0.07","243.90"
					09/01/2023,"CASH DEP AT 2105 17:00:04 08012023 OFENTSE SELF 1212120000000000/0228","BWP","150.00","","243.97"
					06/01/2023,"PURCHASE AT BET365 GIB           05-01-2023 / 15:50:56 45-92-7924 00426548 4592792400426548","BWP","","132.39","93.97"
					06/01/2023,"BANK TO WALLET FEES","BWP","","5.29","226.36"
					06/01/2023,"VAT CHARGE","BWP","","1.14","231.65"
					06/01/2023,"IBKG ORANGE MONEY PAY TO 26774804371-MOBILE MONEY TRANSFER BW-IBNK-CPQLHH BW-016-230106-060549949-937341-408","BWP","","1,380.00","232.79"
					06/01/2023,"IT02102301060011 52.000","BWP","","6.24","1,612.79"
					06/01/2023,"IT02102301060011 TOTAL TRANSACTION CHARGES","BWP","","52.00","1,619.03"
					06/01/2023,"PET578200005 IT02102301060011 BETWAY LIMITED 9 EMPIRE STADIUM STREET GZIRA 1300 MARMOSSPINNEBW-200581759099 /ROC/1173ZPOECQ93Q BARCGB 116.39 USD 1.000000000","BWP","1,426.55","","1,671.03"
					05/01/2023,"CASH DEPOSITS FEE","BWP","","0.60","244.48"
					05/01/2023,"VAT CHARGE","BWP","","0.07","245.08"
					05/01/2023,"CASH DEP AT 2105 15:49:20 05012023 OFENTSE SELFPAY 1212120000000000/0066","BWP","150.00","","245.15"
					04/01/2023,"PURCHASE AT ENGEN MATSILA THAMAGA       22-12-2022 / 19:51:29 45-92-7924 00426548 4592792400426548","BWP","","25.50","95.15"
					04/01/2023,"PURCHASE AT KABONA SUPPLYIN ANCISTOWN     31-12-2022 / 20:58:31 45-92-7924 00426548 4592792400426548","BWP","","142.00","120.65"
					04/01/2023,"PURCHASE AT KABONA SUPPLYIN ANCISTOWN     31-12-2022 / 13:49:42 45-92-7924 00426548 4592792400426548","BWP","","183.00","262.65"
					04/01/2023,"PURCHASE AT KABONA SUPPLYIN ANCISTOWN     30-12-2022 / 12:50:29 45-92-7924 00426548 4592792400426548","BWP","","144.00","445.65"
					04/01/2023,"PURCHASE AT MAOKATUMO GENER OKATUMO       30-12-2022 / 16:05:37 45-92-7924 00426548 4592792400426548","BWP","","146.00","589.65"
					04/01/2023,"CARD PYMT-SI-4125140000996799 4125140000996799","BWP","","399.23","735.65"
